@incollection{callahan2013bio2rdf,
  title={Bio2rdf release 2: Improved coverage, interoperability and provenance of life science linked data},
  author={Callahan, Alison and Cruz-Toledo, Jos{\'e} and Ansell, Peter and Dumontier, Michel},
  booktitle={The semantic web: semantics and big data},
  pages={200--212},
  year={2013},
  publisher={Springer}
}
@article{belleau2008bio2rdf,
  title={Bio2RDF: towards a mashup to build bioinformatics knowledge systems},
  author={Belleau, Fran{\c{c}}ois and Nolin, Marc-Alexandre and Tourigny, Nicole and Rigault, Philippe and Morissette, Jean},
  journal={Journal of biomedical informatics},
  volume={41},
  number={5},
  pages={706--716},
  year={2008},
  publisher={Elsevier}
}
@incollection{hu2015link,
  title={Link Analysis of Life Science Linked Data},
  author={Hu, Wei and Qiu, Honglei and Dumontier, Michel},
  booktitle={The Semantic Web-ISWC 2015},
  pages={446--462},
  year={2015},
  publisher={Springer}
}
@article{bizer2009linked,
  title={Linked data-the story so far},
  author={Bizer, Christian and Heath, Tom and Berners-Lee, Tim},
  journal={Semantic Services, Interoperability and Web Applications: Emerging Concepts},
  pages={205--227},
  year={2009}
}
@article{broder2000graph,
  title={Graph structure in the web},
  author={Broder, Andrei and Kumar, Ravi and Maghoul, Farzin and Raghavan, Prabhakar and Rajagopalan, Sridhar and Stata, Raymie and Tomkins, Andrew and Wiener, Janet},
  journal={Computer networks},
  volume={33},
  number={1},
  pages={309--320},
  year={2000},
  publisher={Elsevier}
}
@article{cheng2013relatedness,
  title={Relatedness between vocabularies on the Web of data: A taxonomy and an empirical study},
  author={Cheng, Gong and Qu, Yuzhong},
  journal={Web Semantics: Science, Services and Agents on the World Wide Web},
  volume={20},
  pages={1--17},
  year={2013},
  publisher={Elsevier}
}
@article{clauset2009power,
  title={Power-law distributions in empirical data},
  author={Clauset, Aaron and Shalizi, Cosma Rohilla and Newman, Mark EJ},
  journal={SIAM review},
  volume={51},
  number={4},
  pages={661--703},
  year={2009},
  publisher={SIAM}
}
@incollection{ding2010sameas,
  title={SameAs networks and beyond: analyzing deployment status and implications of owl: sameAs in linked data},
  author={Ding, Li and Shinavier, Joshua and Shangguan, Zhenning and McGuinness, Deborah L},
  booktitle={The Semantic Web--ISWC 2010},
  pages={145--160},
  year={2010},
  publisher={Springer}
}
@article{theoharis2008graph,
  title={On graph features of semantic web schemas},
  author={Theoharis, Yannis and Tzitzikas, Yannis and Kotzinos, Dimitris and Christophides, Vassilis},
  journal={Knowledge and Data Engineering, IEEE Transactions on},
  volume={20},
  number={5},
  pages={692--702},
  year={2008},
  publisher={IEEE}
}
@article{berners2011linked,
  title={Linked data-design issues (2006)},
  author={Berners-Lee, Tim},
  journal={URL http://www. w3. org/DesignIssues/LinkedData. html},
  year={2011}
}

