@misc{wikimg:swstack,
  author={{Marobi1}},
  title={Semantic web stack},
  year={2014},
  journal={URL \url{https://en.wikipedia.org/wiki/File:Semantic_web_stack.svg}},
  note="[Revisado el 08/01/2016]"
}
