@article{paoli2004extensible,
  title={Extensible Markup Language (XML) 1.0},
  author={Paoli, Jean and Sperberg-McQueen, CM and Yergeau, Fran{\c{c}}ois and Maler, Eve and Bray, Tim},
  journal={W3C recommendation REC-xml-20040204},
  year={2004}
}
@article{beckett2014turtle,
  title={RDF 1.1 Turtle--Terse RDF Triple Language},
  author={Beckett, David and Berners-Lee, Tim and Prud’hommeaux, Eric and Carothers, Gavin},
  journal={W3C Recommendation REC-turtle-20140225},
  year={2014}
}
@article{beckett2004rdf,
  title={RDF/XML syntax specification (revised)},
  author={Beckett, Dave and McBride, Brian},
  journal={W3C Recommendation REC-rdf-syntax-grammar-20040210},
  volume={10},
  year={2004}
}
@article{brickley2014rdfs,
  title={RDF Schema 1.1},
  author={Brickley, Dan and Guha, Ramanathan V},
  journal={W3C Recommendation PER-rdf-schema-20140109},
  year={2014}
}
@article{biron2004xml,
  title={XML schema part 2: Datatypes},
  author={Biron, Paul and Malhotra, Ashok and World Wide Web Consortium and others},
  journal={W3C Recommendation REC-xmlschema-2-20041028},
  year={2004}
}
@article{berners2004uniform,
  title={Uniform resource identifier (URI): Generic syntax},
  author={Berners-Lee, Tim and Fielding, Roy and Masinter, Larry},
  journal={URL \url{http://www.rfc-editor.org/rfc/rfc3986.txt}},
  year={2004}
}
@article{berners2011linked,
  title={Linked data-design issues (2006)},
  author={Berners-Lee, Tim},
  journal={URL \url{http://www.w3.org/DesignIssues/LinkedData.html}},
  year={2011},
  note="[Revisado el 08/01/2016]"
}
@article{berners1989proposal,
  title={The original proposal of the WWW},
  author={Berners-Lee, Tim},
  journal={URL \url{http://www.w3.org/History/1989/proposal.html}},
  year={1989},
  note="[Revisado el 08/01/2016]"
}
@article{motik2009owlprofiles,
  title={OWL 2 Web Ontology Language Profiles},
  author={Motik, Boris and Grau, Bernardo Cuenca and Horrocks, Ian and Wu, Zhe and Fokoue, Achille and Lutz, Carsten},
  journal={W3C Recommendation REC-owl2-profiles-20091027},
  year={2009}
}
@article{mcguiness2004owl,
  title={OWL web ontology language overview},
  author={McGuiness, Deborah L and van Harmelen, Frank},
  journal={W3C Recommendation REC-owl-features-20040210},
  year={2004}
}
@article{world2013sparql,
  title={SPARQL 1.1 overview},
  author={The W3C SPARQL Working Group and others},
  journal={W3C Recommendation REC-sparql11-overview-20130321},
  year={2013},
  publisher={World Wide Web Consortium}
}
@misc{prud2008sparql,
  title={SPARQL Query Language for RDF},
  author={Prud’hommeaux, Eric and Seaborne, Andy},
  journal={W3C Recommendation REC-rdf-sparql-query-20080115},
  year={2008}
}
